% This file was created with JabRef 2.10.
% Encoding: UTF-8

@inproceedings{10.5555/188307.188350,
author = {Boyd, Colin and Mao, Wenbo},
title = {On a Limitation of BAN Logic},
year = {1994},
isbn = {3540576002},
publisher = {Springer-Verlag},
address = {Berlin, Heidelberg},
abstract = {In the past few years a lot of attention has been paid to the use of special logics to analyse cryptographic protocols, foremost among these being the logic of Burrows, Abadi and Needham (the BAN logic). These logics have been successful in finding weaknesses in various examples. In this paper a limitation of the BAN logic is illustrated with two examples. These show that it is easy for the BAN logic to approve protocols that are in practice unsound.},
booktitle = {Workshop on the Theory and Application of Cryptographic Techniques on Advances in Cryptology},
pages = {240â€“247},
numpages = {8},
location = {Lofthus, Norway},
series = {EUROCRYPT '93}
}

@inproceedings{Omara2020,
author = {Omara, Beurdouche, Rescorla, Inguva, Kwon, Duric },
title = {The Messaging Layer Security (MLS) Architecture},
year = {2020},
publisher = {Internet Engineering Task Force},
abstract = {This document describes the reference architecture, functional and security requirements for the Messaging Layer Security (MLS) protocol.  MLS provides a security layer for group messaging   applications, where the number of clients ranges from two to many. It is meant to protect against eavesdropping, tampering, and message forgery.},
booktitle = {Network Working Group},
}

@techreport{padlipsky1978limitations,
  title={Limitations of end-to-end encryption in secure computer networks},
  author={Padlipsky, MA and Snow, DW and Karger, PA},
  year={1978},
  institution={MITRE CORP BEDFORD MA}
}

@article{voydock1983security,
  title={Security mechanisms in high-level network protocols},
  author={Voydock, Victor L and Kent, Stephen T},
  journal={ACM Computing Surveys (CSUR)},
  volume={15},
  number={2},
  pages={135--171},
  year={1983},
  publisher={ACM New York, NY, USA}
}

@inproceedings{jueneman1983message,
  title={Message Authentication with Manipulation Detection Code},
  author={Jueneman, Robert R and Matyas, Stephen M and Meyer, Carl H},
  booktitle={1983 IEEE Symposium on Security and Privacy},
  pages={33--33},
  year={1983},
  organization={IEEE}
}

@inproceedings{chaum1985showing,
  title={Showing credentials without identification},
  author={Chaum, David},
  booktitle={Workshop on the Theory and Application of of Cryptographic Techniques},
  pages={241--244},
  year={1985},
  organization={Springer}
}

@inproceedings{gunther1989identity,
  title={An identity-based key-exchange protocol},
  author={G{\"u}nther, Christoph G},
  booktitle={Workshop on the Theory and Application of of Cryptographic Techniques},
  pages={29--37},
  year={1989},
  organization={Springer}
}

@inproceedings{cohn2016post,
  title={On post-compromise security},
  author={Cohn-Gordon, Katriel and Cremers, Cas and Garratt, Luke},
  booktitle={2016 IEEE 29th Computer Security Foundations Symposium (CSF)},
  pages={164--178},
  year={2016},
  organization={IEEE}
}

@techreport{bhargavan:hal-02425247,
  TITLE = {{TreeKEM: Asynchronous Decentralized Key Management for Large Dynamic Groups A protocol proposal for Messaging Layer Security (MLS)}},
  AUTHOR = {Bhargavan, Karthikeyan and Barnes, Richard and Rescorla, Eric},
  URL = {https://hal.inria.fr/hal-02425247},
  TYPE = {Research Report},
  INSTITUTION = {{Inria Paris}},
  YEAR = {2018},
  MONTH = May,
  HAL_ID = {hal-02425247},
  HAL_VERSION = {v1},
}

@article{burrows1989logic,
  title={A logic of authentication},
  author={Burrows, Michael and Abadi, Martin and Needham, Roger Michael},
  journal={Proceedings of the Royal Society of London. A. Mathematical and Physical Sciences},
  volume={426},
  number={1871},
  pages={233--271},
  year={1989},
  publisher={The Royal Society London}
}

@INPROCEEDINGS{4567924,

  author={A. {Pnueli}},

  booktitle={18th Annual Symposium on Foundations of Computer Science (sfcs 1977)}, 

  title={The temporal logic of programs}, 

  year={1977},

  volume={},

  number={},

  pages={46-57},

  doi={10.1109/SFCS.1977.32}
}

@article{holzmann1997model,
  title={The model checker SPIN},
  author={Holzmann, Gerard J.},
  journal={IEEE Transactions on software engineering},
  volume={23},
  number={5},
  pages={279--295},
  year={1997},
  publisher={IEEE}
}

@inproceedings{couvreur1999fly,
  title={On-the-fly verification of linear temporal logic},
  author={Couvreur, Jean-Michel},
  booktitle={International Symposium on Formal Methods},
  pages={253--271},
  year={1999},
  organization={Springer}
}

@inproceedings{godefroid1990using,
  title={Using partial orders to improve automatic verification methods},
  author={Godefroid, Patrice},
  booktitle={International Conference on Computer Aided Verification},
  pages={176--185},
  year={1990},
  organization={Springer}
}

@inproceedings{holzmann1990design,
  title={Design and validation of protocols},
  author={Holzmann, Gerard J},
  booktitle={Tutorial Computer Networks and ISDN Systems},
  year={1990},
  organization={Citeseer}
}

@article{burch1992symbolic,
  title={Symbolic model checking: 1020 states and beyond},
  author={Burch, Jerry R and Clarke, Edmund M and McMillan, Kenneth L and Dill, David L and Hwang, Lain-Jinn},
  journal={Information and computation},
  volume={98},
  number={2},
  pages={142--170},
  year={1992},
  publisher={Elsevier}
}

@techreport{marrero1997model,
  title={Model checking for security protocols},
  author={Marrero, Will and Clarke, Edmund and Jha, Somesh},
  year={1997},
  institution={CARNEGIE-MELLON UNIV PITTSBURGH PA DEPT OF COMPUTER SCIENCE}
}

@inproceedings{clarke1981design,
  title={Design and synthesis of synchronization skeletons using branching time temporal logic},
  author={Clarke, Edmund M and Emerson, E Allen},
  booktitle={Workshop on Logic of Programs},
  pages={52--71},
  year={1981},
  organization={Springer}
}

@article{kacprzak2006comparing,
  title={Comparing BDD and SAT based techniques for model checking Chaum's dining cryptographers protocol},
  author={Kacprzak, Magdalena and Lomuscio, Alessio and Niewiadomski, Artur and Penczek, Wojciech and Raimondi, Franco and Szreter, Maciej},
  journal={Fundamenta Informaticae},
  volume={72},
  number={1-3},
  pages={215--234},
  year={2006},
  publisher={IOS Press}
}

@article{lomuscio2007verification,
  title={Verification of the TESLA protocol in MCMAS-X},
  author={Lomuscio, Alessio and Raimondi, Franco and Wo{\'z}na, Bo{\.z}ena},
  journal={Fundamenta Informaticae},
  volume={79},
  number={3-4},
  pages={473--486},
  year={2007},
  publisher={IOS Press}
}

@inproceedings{van2004symbolic,
  title={Symbolic model checking the knowledge of the dining cryptographers},
  author={Van der Meyden, Ron and Suf, Kaile},
  booktitle={Proceedings. 17th IEEE Computer Security Foundations Workshop, 2004.},
  pages={280--291},
  year={2004},
  organization={IEEE}
}

@article{clark1997survey,
  title={A survey of authentication protocol literature: Version 1.0},
  author={Clark, John Andrew and Jacob, Jeremy Lawrence},
  year={1997},
  publisher={Citeseer}
}

